<?xml version="1.0" encoding="UTF-8"?><collection xmlns="http://www.loc.gov/MARC21/slim"><record><leader>00350nam--2200133-i-4500</leader><controlfield tag="001">000031287</controlfield><controlfield tag="002">20161230</controlfield><controlfield tag="005">20161230201038</controlfield><controlfield tag="008">060222s1000------------r-----000-0-eng-d</controlfield><datafield ind1=" " ind2=" " tag="080"><subfield code="a">621.375.82:621.375.826</subfield></datafield><datafield ind1=" " ind2=" " tag="100"><subfield code="a">Melia, T.P</subfield></datafield><datafield ind1=" " ind2=" " tag="245"><subfield code="a">An introduction to masers and lasers</subfield></datafield><datafield ind1=" " ind2=" " tag="260"><subfield code="a">London, Chapman &amp; Hall Ltd., 1967. Xiv+162p</subfield></datafield><datafield ind1=" " ind2=" " tag="852"><subfield code="a">28753</subfield></datafield></record></collection>